
<record>
  <leader>03500cam a22004097i 4500</leader>
  <controlfield tag="001">19106836</controlfield>
  <controlfield tag="005">20200103150644.0</controlfield>
  <controlfield tag="008">160524s2016    enk           000 0 eng  </controlfield>
  <datafield tag="906" ind1=" " ind2=" ">
    <subfield code="a">7</subfield>
    <subfield code="b">cbc</subfield>
    <subfield code="c">orignew</subfield>
    <subfield code="d">1</subfield>
    <subfield code="e">ecip</subfield>
    <subfield code="f">20</subfield>
    <subfield code="g">y-gencatlg</subfield>
  </datafield>
  <datafield tag="925" ind1="0" ind2=" ">
    <subfield code="a">acquire</subfield>
    <subfield code="b">2 shelf copy</subfield>
    <subfield code="x">policy default</subfield>
  </datafield>
  <datafield tag="955" ind1=" " ind2=" ">
    <subfield code="b">rm15 2016-05-24</subfield>
    <subfield code="c">rm15 2016-05-24 ONIX</subfield>
    <subfield code="i">rm15 2016-05-24</subfield>
    <subfield code="a">rm15 2016-05-24 to Dewey</subfield>
    <subfield code="w">xm06 2016-05-24</subfield>
    <subfield code="a">xn05 2016-08-08 1 copy rec&apos;d., to CIP ver.</subfield>
    <subfield code="f">rm06 2016-08-10 to BCCD</subfield>
  </datafield>
  <datafield tag="010" ind1=" " ind2=" ">
    <subfield code="a">  2016017121</subfield>
  </datafield>
  <datafield tag="020" ind1=" " ind2=" ">
    <subfield code="a">9780749475659 (paperback)</subfield>
  </datafield>
  <datafield tag="020" ind1=" " ind2=" ">
    <subfield code="z">9780749475666 (e-ISBN)</subfield>
  </datafield>
  <datafield tag="040" ind1=" " ind2=" ">
    <subfield code="a">DLC</subfield>
    <subfield code="b">eng</subfield>
    <subfield code="c">DLC</subfield>
    <subfield code="e">rda</subfield>
    <subfield code="d">DLC</subfield>
  </datafield>
  <datafield tag="050" ind1="0" ind2="0">
    <subfield code="a">HF5718.22</subfield>
    <subfield code="b">.T455 2016</subfield>
  </datafield>
  <datafield tag="082" ind1="0" ind2="0">
    <subfield code="a">658.4/52</subfield>
    <subfield code="2">23</subfield>
  </datafield>
  <datafield tag="084" ind1=" " ind2=" ">
    <subfield code="a">BUS012000</subfield>
    <subfield code="a">BUS059000</subfield>
    <subfield code="a">BUS007010</subfield>
    <subfield code="a">SEL027000</subfield>
    <subfield code="a">SEL031000</subfield>
    <subfield code="2">bisacsh</subfield>
  </datafield>
  <datafield tag="100" ind1="1" ind2=" ">
    <subfield code="a">Theobald, Theo,</subfield>
    <subfield code="d">1957-</subfield>
    <subfield code="e">author.</subfield>
  </datafield>
  <datafield tag="245" ind1="1" ind2="0">
    <subfield code="a">Develop your presentation skills /</subfield>
    <subfield code="c">Theo Theobald.</subfield>
  </datafield>
  <datafield tag="250" ind1=" " ind2=" ">
    <subfield code="a">Third edition.</subfield>
  </datafield>
  <datafield tag="264" ind1=" " ind2="1">
    <subfield code="a">London ;</subfield>
    <subfield code="a">Philadelphia :</subfield>
    <subfield code="b">Kogan Page,</subfield>
    <subfield code="c">2016.</subfield>
  </datafield>
  <datafield tag="300" ind1=" " ind2=" ">
    <subfield code="a">xiv, 180 pages ;</subfield>
    <subfield code="c">21 cm.</subfield>
  </datafield>
  <datafield tag="336" ind1=" " ind2=" ">
    <subfield code="a">text</subfield>
    <subfield code="b">txt</subfield>
    <subfield code="2">rdacontent</subfield>
  </datafield>
  <datafield tag="337" ind1=" " ind2=" ">
    <subfield code="a">unmediated</subfield>
    <subfield code="b">n</subfield>
    <subfield code="2">rdamedia</subfield>
  </datafield>
  <datafield tag="338" ind1=" " ind2=" ">
    <subfield code="a">volume</subfield>
    <subfield code="b">nc</subfield>
    <subfield code="2">rdacarrier</subfield>
  </datafield>
  <datafield tag="490" ind1="0" ind2=" ">
    <subfield code="a">Creating success</subfield>
  </datafield>
  <datafield tag="520" ind1=" " ind2=" ">
    <subfield code="a">&quot;Going beyond handling nerves and presenting PowerPoint slides, the third edition of Develop Your Presentation Skills offers practical advice on developing a captivating presentation, constructing compelling content, and boosting self-confidence. The book includes three new chapters on delivering a &quot;stripped down&quot;presentation, using new media to engage with the audience, and handling being asked to present on short notice&quot;--</subfield>
    <subfield code="c">Provided by publisher.</subfield>
  </datafield>
  <datafield tag="520" ind1=" " ind2=" ">
    <subfield code="a">&quot;Going beyond handling nerves and presenting PowerPoint slides, Develop Your Presentation Skills, 3rd edition, provides you with a practical toolkit for developing a belting presentation and improving your confidence along the way. Step-by-step advice includes practical help with unpicking the original brief, understanding just what the audience wants and constructing compelling content that will keep your audience rapt with attention. Complete with anecdotes and expert input to help you avoid disaster, this new edition includes two brand new chapters, helping you to deliver a presentation &apos;stripped bare&apos; and how to use new media to engage with your audience. Develop Your Presentation Skills, 3rd edition, will help you find your voice and use it with style; to inform, to persuade, to impress. With over one million copies sold, the hugely popular Creating Success series covers a wide variety of topic, with the latest editions including new chapters such as Tough Conversations and Treating People Right. This indispensable business skills collection is suited to a variety of roles, from someone looking to develop their time management skills for a society committee role, to someone with a business idea looking to build a strategic plan&quot;--</subfield>
    <subfield code="c">Provided by publisher.</subfield>
  </datafield>
  <datafield tag="650" ind1=" " ind2="0">
    <subfield code="a">Business presentations.</subfield>
  </datafield>
  <datafield tag="650" ind1=" " ind2="0">
    <subfield code="a">Business communication.</subfield>
  </datafield>
  <datafield tag="650" ind1=" " ind2="7">
    <subfield code="a">BUSINESS &amp; ECONOMICS / Careers / General.</subfield>
    <subfield code="2">bisacsh</subfield>
  </datafield>
  <datafield tag="650" ind1=" " ind2="7">
    <subfield code="a">BUSINESS &amp; ECONOMICS / Skills.</subfield>
    <subfield code="2">bisacsh</subfield>
  </datafield>
  <datafield tag="650" ind1=" " ind2="7">
    <subfield code="a">BUSINESS &amp; ECONOMICS / Business Communication / Meetings &amp; Presentations.</subfield>
    <subfield code="2">bisacsh</subfield>
  </datafield>
  <datafield tag="650" ind1=" " ind2="7">
    <subfield code="a">SELF-HELP / Personal Growth / Success.</subfield>
    <subfield code="2">bisacsh</subfield>
  </datafield>
  <datafield tag="650" ind1=" " ind2="7">
    <subfield code="a">SELF-HELP / Personal Growth / General.</subfield>
    <subfield code="2">bisacsh</subfield>
  </datafield>
  <datafield tag="776" ind1="0" ind2="8">
    <subfield code="i">Online version:</subfield>
    <subfield code="a">Theobald, Theo, 1957- author.</subfield>
    <subfield code="t">Develop your presentation skills</subfield>
    <subfield code="b">Third edition.</subfield>
    <subfield code="d">London ; Philadelphia : Kogan Page, 2016</subfield>
    <subfield code="z">9780749475666</subfield>
    <subfield code="w">(DLC) 2016024443</subfield>
  </datafield>
</record>