
<record>
  <leader>03055cam a22004217i 4500</leader>
  <controlfield tag="001">19112018</controlfield>
  <controlfield tag="005">20200103150647.0</controlfield>
  <controlfield tag="008">160527s2016    dcu      b    000 0 eng c</controlfield>
  <datafield tag="906" ind1=" " ind2=" ">
    <subfield code="a">7</subfield>
    <subfield code="b">cbc</subfield>
    <subfield code="c">orignew</subfield>
    <subfield code="d">1</subfield>
    <subfield code="e">ecip</subfield>
    <subfield code="f">20</subfield>
    <subfield code="g">y-gencatlg</subfield>
  </datafield>
  <datafield tag="925" ind1="0" ind2=" ">
    <subfield code="a">acquire</subfield>
    <subfield code="b">1 shelf copy</subfield>
    <subfield code="x">policy default</subfield>
    <subfield code="e">claim1  2016-10-06</subfield>
  </datafield>
  <datafield tag="955" ind1=" " ind2=" ">
    <subfield code="a">PSt</subfield>
    <subfield code="e">rm15 2016-06-08 to Dewey</subfield>
    <subfield code="w">xm06 2016-06-08</subfield>
    <subfield code="a">xn11 2016-12-06 1 copy rec&apos;d., to CIP ver.</subfield>
    <subfield code="f">rm06 2016-12-15 to BCCD</subfield>
  </datafield>
  <datafield tag="010" ind1=" " ind2=" ">
    <subfield code="a">  2016024798</subfield>
  </datafield>
  <datafield tag="020" ind1=" " ind2=" ">
    <subfield code="a">9780309369862</subfield>
  </datafield>
  <datafield tag="040" ind1=" " ind2=" ">
    <subfield code="a">PSt/DLC</subfield>
    <subfield code="b">eng</subfield>
    <subfield code="c">PSt</subfield>
    <subfield code="e">rda</subfield>
    <subfield code="d">DLC</subfield>
  </datafield>
  <datafield tag="043" ind1=" " ind2=" ">
    <subfield code="a">n-us---</subfield>
  </datafield>
  <datafield tag="050" ind1="0" ind2="0">
    <subfield code="a">HD9560.5</subfield>
    <subfield code="b">.S7946 2016</subfield>
  </datafield>
  <datafield tag="082" ind1="0" ind2="0">
    <subfield code="a">363.11/9622338190973</subfield>
    <subfield code="2">23</subfield>
  </datafield>
  <datafield tag="245" ind1="0" ind2="0">
    <subfield code="a">Strengthening the safety culture of the offshore oil and gas industry /</subfield>
    <subfield code="c">Committee on Offshore Oil and Gas Industry Safety Culture, Transportation Research Board, Marine Board, Board on Human-Systems Integration, Division of Human Behavioral and Social Sciences and Education, The National Academies of Sciences, Engineering, Medicine.</subfield>
  </datafield>
  <datafield tag="264" ind1=" " ind2="1">
    <subfield code="a">Washington, D.C. :</subfield>
    <subfield code="b">Transportation Research Board,</subfield>
    <subfield code="c">2016.</subfield>
  </datafield>
  <datafield tag="300" ind1=" " ind2=" ">
    <subfield code="a">xiv, 223 pages ;</subfield>
    <subfield code="c">23 cm</subfield>
  </datafield>
  <datafield tag="336" ind1=" " ind2=" ">
    <subfield code="a">text</subfield>
    <subfield code="2">rdacontent</subfield>
  </datafield>
  <datafield tag="337" ind1=" " ind2=" ">
    <subfield code="a">unmediated</subfield>
    <subfield code="2">rdamedia</subfield>
  </datafield>
  <datafield tag="338" ind1=" " ind2=" ">
    <subfield code="a">volume</subfield>
    <subfield code="2">rdacarrier</subfield>
  </datafield>
  <datafield tag="490" ind1="0" ind2=" ">
    <subfield code="a">Transportation Research Board special report ;</subfield>
    <subfield code="v">321</subfield>
  </datafield>
  <datafield tag="504" ind1=" " ind2=" ">
    <subfield code="a">Includes bibliographical references.</subfield>
  </datafield>
  <datafield tag="520" ind1=" " ind2=" ">
    <subfield code="a">&quot;TRB Special Report 321: Strengthening the Safety Culture of the Offshore Oil and Gas Industry offers recommendations to industry and regulators to strengthen and sustain the safety culture of the offshore oil and gas industry. The committee that prepared the report addresses conceptual challenges in defining safety culture and discusses the empirical support for the definition of safety culture offered by the Bureau of Safety and Environmental Enforcement, the nine characteristics or elements of a robust safety culture, methods for assessing company safety culture, and barriers to improving safety culture in the offshore industry. The committee&apos;s report also identifies topics on which further research is needed with respect to assessing, improving, and sustaining safety culture&quot;--Provided by publisher.</subfield>
  </datafield>
  <datafield tag="650" ind1=" " ind2="0">
    <subfield code="a">Offshore oil industry</subfield>
    <subfield code="z">United States</subfield>
    <subfield code="x">Safety measures.</subfield>
  </datafield>
  <datafield tag="650" ind1=" " ind2="0">
    <subfield code="a">Offshore oil industry</subfield>
    <subfield code="x">Safety regulations</subfield>
    <subfield code="z">United States.</subfield>
  </datafield>
  <datafield tag="650" ind1=" " ind2="0">
    <subfield code="a">Offshore gas industry</subfield>
    <subfield code="z">United States</subfield>
    <subfield code="x">Safety measures.</subfield>
  </datafield>
  <datafield tag="650" ind1=" " ind2="0">
    <subfield code="a">Offshore gas industry</subfield>
    <subfield code="x">Safety regulations</subfield>
    <subfield code="z">United States.</subfield>
  </datafield>
  <datafield tag="650" ind1=" " ind2="0">
    <subfield code="a">Industrial safety</subfield>
    <subfield code="z">United States.</subfield>
  </datafield>
  <datafield tag="650" ind1=" " ind2="0">
    <subfield code="a">System safety.</subfield>
  </datafield>
  <datafield tag="710" ind1="2" ind2=" ">
    <subfield code="a">National Academies of Sciences, Engineering, and Medicine (U.S.).</subfield>
    <subfield code="b">Committee on U.S. Offshore Oil and Gas Industry Safety Culture,</subfield>
    <subfield code="e">author.</subfield>
  </datafield>
  <datafield tag="710" ind1="2" ind2=" ">
    <subfield code="a">National Research Council (U.S.).</subfield>
    <subfield code="b">Board on Human-Systems Integration,</subfield>
    <subfield code="e">author.</subfield>
  </datafield>
  <datafield tag="710" ind1="2" ind2=" ">
    <subfield code="a">National Research Council (U.S.).</subfield>
    <subfield code="b">Marine Board,</subfield>
    <subfield code="e">author.</subfield>
  </datafield>
  <datafield tag="710" ind1="2" ind2=" ">
    <subfield code="a">National Research Council (U.S.).</subfield>
    <subfield code="b">Transportation Research Board,</subfield>
    <subfield code="e">issuing body.</subfield>
  </datafield>
  <datafield tag="830" ind1=" " ind2="0">
    <subfield code="a">Special report (National Research Council (U.S.). Transportation Research Board) ;</subfield>
    <subfield code="v">321.</subfield>
  </datafield>
  <datafield tag="985" ind1=" " ind2=" ">
    <subfield code="a">PStCIP</subfield>
    <subfield code="d">2016-05-27</subfield>
  </datafield>
</record>