
<record>
  <leader>02465cam a22003497i 4500</leader>
  <controlfield tag="001">19112309</controlfield>
  <controlfield tag="005">20200103121122.0</controlfield>
  <controlfield tag="008">160513s2015    ru       b    100 0 rus  </controlfield>
  <datafield tag="906" ind1=" " ind2=" ">
    <subfield code="a">7</subfield>
    <subfield code="b">cbc</subfield>
    <subfield code="c">origres</subfield>
    <subfield code="d">3</subfield>
    <subfield code="e">ncip</subfield>
    <subfield code="f">20</subfield>
    <subfield code="g">y-nonroman</subfield>
  </datafield>
  <datafield tag="925" ind1="0" ind2=" ">
    <subfield code="a">acquire</subfield>
    <subfield code="b">1 shelf copy</subfield>
    <subfield code="x">policy default</subfield>
  </datafield>
  <datafield tag="955" ind1=" " ind2=" ">
    <subfield code="b">fe08 2016-06-30 telework to cat.</subfield>
    <subfield code="a">fe00 2016-07-01 to GS/RUS</subfield>
    <subfield code="h">fe12 2019-06-06 overtime telework to shelf</subfield>
  </datafield>
  <datafield tag="010" ind1=" " ind2=" ">
    <subfield code="a">  2016425291</subfield>
  </datafield>
  <datafield tag="020" ind1=" " ind2=" ">
    <subfield code="a">5781509844 (pbk.)</subfield>
  </datafield>
  <datafield tag="035" ind1=" " ind2=" ">
    <subfield code="a">(RuMoEVIS)ev1157326B</subfield>
  </datafield>
  <datafield tag="040" ind1=" " ind2=" ">
    <subfield code="a">DLC</subfield>
    <subfield code="b">eng</subfield>
    <subfield code="e">rda</subfield>
    <subfield code="c">DLC</subfield>
  </datafield>
  <datafield tag="050" ind1="0" ind2="0">
    <subfield code="a">MLCS 2019/42910 (Z)</subfield>
  </datafield>
  <datafield tag="066" ind1=" " ind2=" ">
    <subfield code="c">(N</subfield>
  </datafield>
  <datafield tag="245" ind1="0" ind2="0">
    <subfield code="6">880-01</subfield>
    <subfield code="a">Sovremennye problemy knizhnoĭ kulʹtury :</subfield>
    <subfield code="b">osnovnye tendent︠s︡ii i perspektivy razvitii︠a︡ : materialy III i IV Mezhdunarodnykh nauchnykh seminarov, Minsk, 26-27 mai︠a︡ i Moskva, 25-26 noi︠a︡bri︠a︡ 2015 = Modern problems of book culture main tendenciesand prospects : materials of the 3rd and 4th International scientific seminars, Minsk, May 26-27 and Moscow, November 25-26 2015 /</subfield>
    <subfield code="c">Redakt︠s︡ionnai︠a︡ kollegii︠a︡: Avgulʹ L.A. [and others].</subfield>
  </datafield>
  <datafield tag="880" ind1="0" ind2="0">
    <subfield code="6">245-01/(N</subfield>
    <subfield code="a">Современные проблемы книжной культуры :</subfield>
    <subfield code="b">основные тенденции и перспективы развития : материалы III и IV Международных научных семинаров, Минск, 26-27 мая и Москва, 25-26 ноября 2015 = Modern problems of book culture main tendenciesand prospects : materials of the 3rd and 4th International scientific seminars, Minsk, May 26-27 and Moscow, November 25-26 2015 /</subfield>
    <subfield code="c">Редакционная коллегия: Авгуль Л.А. [and others].</subfield>
  </datafield>
  <datafield tag="264" ind1=" " ind2="1">
    <subfield code="6">880-02</subfield>
    <subfield code="a">Moskva :</subfield>
    <subfield code="a">Minsk :</subfield>
    <subfield code="b">FGBU nauki Nauchnyĭ i izdatelʹskiĭ t︠s︡entr &quot;Nauka&quot; RAN,</subfield>
    <subfield code="c">2015.</subfield>
  </datafield>
  <datafield tag="880" ind1=" " ind2="1">
    <subfield code="6">264-02/(N</subfield>
    <subfield code="a">Москва :</subfield>
    <subfield code="a">Минск :</subfield>
    <subfield code="b">ФГБУ науки Научный и издательский центр &quot;Наука&quot; РАН,</subfield>
    <subfield code="c">2015.</subfield>
  </datafield>
  <datafield tag="300" ind1=" " ind2=" ">
    <subfield code="a">138 pages ;</subfield>
    <subfield code="c">20 cm</subfield>
  </datafield>
  <datafield tag="336" ind1=" " ind2=" ">
    <subfield code="a">text</subfield>
    <subfield code="2">rdacontent</subfield>
  </datafield>
  <datafield tag="337" ind1=" " ind2=" ">
    <subfield code="a">unmediated</subfield>
    <subfield code="2">rdamedia</subfield>
  </datafield>
  <datafield tag="338" ind1=" " ind2=" ">
    <subfield code="a">volume</subfield>
    <subfield code="2">rdacarrier</subfield>
  </datafield>
  <datafield tag="546" ind1=" " ind2=" ">
    <subfield code="a">Table of contents also in English.</subfield>
  </datafield>
  <datafield tag="500" ind1=" " ind2=" ">
    <subfield code="a">&quot;Nauchnoe izdanie&quot;--Colophon.</subfield>
  </datafield>
  <datafield tag="504" ind1=" " ind2=" ">
    <subfield code="a">Includes bibliographical references.</subfield>
  </datafield>
  <datafield tag="653" ind1=" " ind2=" ">
    <subfield code="a">Publishers and publishing;</subfield>
    <subfield code="a">book industries and trade;</subfield>
    <subfield code="a">information services;</subfield>
    <subfield code="a">congresses</subfield>
  </datafield>
  <datafield tag="700" ind1="1" ind2=" ">
    <subfield code="a">Avgulʹ, L. A.</subfield>
    <subfield code="q">(Li︠u︡dmila Anatolʹevna),</subfield>
    <subfield code="e">editor.</subfield>
  </datafield>
  <datafield tag="923" ind1=" " ind2=" ">
    <subfield code="d">20160513</subfield>
    <subfield code="n">10178839</subfield>
    <subfield code="s">RuMoEVIS</subfield>
  </datafield>
  <datafield tag="985" ind1=" " ind2=" ">
    <subfield code="e">VENDOR LOAD</subfield>
  </datafield>
</record>