
<record>
  <leader>03908cam a22006137i 4500</leader>
  <controlfield tag="001">19113289</controlfield>
  <controlfield tag="005">20200103150648.0</controlfield>
  <controlfield tag="008">160528t20162016txuac    bc   001 0 eng c</controlfield>
  <datafield tag="906" ind1=" " ind2=" ">
    <subfield code="a">0</subfield>
    <subfield code="b">ibc</subfield>
    <subfield code="c">pccadap</subfield>
    <subfield code="d">2</subfield>
    <subfield code="e">epcn</subfield>
    <subfield code="f">20</subfield>
    <subfield code="g">y-gencatlg</subfield>
  </datafield>
  <datafield tag="925" ind1="0" ind2=" ">
    <subfield code="a">acquire</subfield>
    <subfield code="b">1 shelf copy</subfield>
    <subfield code="x">policy default</subfield>
  </datafield>
  <datafield tag="955" ind1=" " ind2=" ">
    <subfield code="b">rk11 2018-11-06 z-processor</subfield>
    <subfield code="i">rk11 2018-11-07 to Dewey</subfield>
  </datafield>
  <datafield tag="955" ind1=" " ind2=" ">
    <subfield code="a">pc12 2016-05-28</subfield>
    <subfield code="a">xn11 2017-01-25 1 copy rec&apos;d., to USASH</subfield>
  </datafield>
  <datafield tag="010" ind1=" " ind2=" ">
    <subfield code="a">  2016943226</subfield>
  </datafield>
  <datafield tag="020" ind1=" " ind2=" ">
    <subfield code="a">9780300207811</subfield>
  </datafield>
  <datafield tag="020" ind1=" " ind2=" ">
    <subfield code="a">0300207816</subfield>
  </datafield>
  <datafield tag="035" ind1=" " ind2=" ">
    <subfield code="a">(OCoLC)ocn907206491</subfield>
  </datafield>
  <datafield tag="040" ind1=" " ind2=" ">
    <subfield code="a">BTCTA</subfield>
    <subfield code="b">eng</subfield>
    <subfield code="e">rda</subfield>
    <subfield code="c">BTCTA</subfield>
    <subfield code="d">BDX</subfield>
    <subfield code="d">ERASA</subfield>
    <subfield code="d">OCLCQ</subfield>
    <subfield code="d">NGA</subfield>
    <subfield code="d">OCLCO</subfield>
    <subfield code="d">OCLCF</subfield>
    <subfield code="d">YDX</subfield>
    <subfield code="d">OCLCO</subfield>
    <subfield code="d">NLGGC</subfield>
    <subfield code="d">ORU</subfield>
    <subfield code="d">OCL</subfield>
    <subfield code="d">T3D</subfield>
    <subfield code="d">OCLCO</subfield>
    <subfield code="d">OCLCQ</subfield>
    <subfield code="d">OCLCO</subfield>
    <subfield code="d">FQG</subfield>
    <subfield code="d">DLC</subfield>
  </datafield>
  <datafield tag="043" ind1=" " ind2=" ">
    <subfield code="a">e------</subfield>
    <subfield code="a">n-us-tx</subfield>
  </datafield>
  <datafield tag="050" ind1="0" ind2="0">
    <subfield code="a">ND454</subfield>
    <subfield code="b">.S255 2016</subfield>
  </datafield>
  <datafield tag="110" ind1="2" ind2=" ">
    <subfield code="a">Sarah Campbell Blaffer Foundation,</subfield>
    <subfield code="e">author.</subfield>
  </datafield>
  <datafield tag="245" ind1="1" ind2="2">
    <subfield code="a">A golden age of European art :</subfield>
    <subfield code="b">celebrating fifty years of the Sarah Campbell Blaffer Foundation /</subfield>
    <subfield code="c">edited by James Clifton and Melina Kervandjian ; with essays by Barbara Baert, Andrea Bayer, Anne Dunlop, Steven F. Ostrow, Lisa Pon, Martin Postle, and Arthur K. Wheelock Jr. ; collection checklist by Josine Corstens.</subfield>
  </datafield>
  <datafield tag="246" ind1="3" ind2="0">
    <subfield code="a">Celebrating fifty years of the Sarah Campbell Blaffer Foundation</subfield>
  </datafield>
  <datafield tag="264" ind1=" " ind2="1">
    <subfield code="a">Houston, Texas :</subfield>
    <subfield code="b">The Sarah Campbell Blaffer Foundation,</subfield>
    <subfield code="c">[2016]</subfield>
  </datafield>
  <datafield tag="264" ind1=" " ind2="2">
    <subfield code="a">New Haven :</subfield>
    <subfield code="b">Distributed by Yale University Press</subfield>
  </datafield>
  <datafield tag="264" ind1=" " ind2="4">
    <subfield code="c">©2016</subfield>
  </datafield>
  <datafield tag="300" ind1=" " ind2=" ">
    <subfield code="a">280 pages :</subfield>
    <subfield code="b">illustrations (chiefly color), portraits (chiefly color) ;</subfield>
    <subfield code="c">32 cm</subfield>
  </datafield>
  <datafield tag="336" ind1=" " ind2=" ">
    <subfield code="a">text</subfield>
    <subfield code="b">txt</subfield>
    <subfield code="2">rdacontent</subfield>
  </datafield>
  <datafield tag="336" ind1=" " ind2=" ">
    <subfield code="a">still image</subfield>
    <subfield code="b">sti</subfield>
    <subfield code="2">rdacontent</subfield>
  </datafield>
  <datafield tag="337" ind1=" " ind2=" ">
    <subfield code="a">unmediated</subfield>
    <subfield code="b">n</subfield>
    <subfield code="2">rdamedia</subfield>
  </datafield>
  <datafield tag="338" ind1=" " ind2=" ">
    <subfield code="a">volume</subfield>
    <subfield code="b">nc</subfield>
    <subfield code="2">rdacarrier</subfield>
  </datafield>
  <datafield tag="504" ind1=" " ind2=" ">
    <subfield code="a">Includes bibliographical references (pages 262-274) and index.</subfield>
  </datafield>
  <datafield tag="505" ind1="0" ind2=" ">
    <subfield code="a">Foreword / Charles W. Hall -- Sarah Campbell Blaffer and The Museum of Fine Arts, Houston / Gary Tinterow -- A history of the Sarah Campbell Blaffer Foundation / James Clifton -- Young men with arrows and the Blaffer Saint Sebastian / Anne Dunlop -- Balthasar van der Ast and the artifice of still life / Arthur K. Wheelock Jr. -- Giuliano Bugiardini : a master of theme and variation / Andrea Bayer -- Pietro Longhi&apos;s Elephant : public spectacle and marvel of nature / Steven F. Ostrow -- Meditation on The white monk : Richard Wilson and the art of &quot;good breeding&quot; / Martin Postle -- The Blaffer Fundation&apos;s Saint John&apos;s Head : the Johannesschüssel phenomenon / Barbara Baert -- Printing communities : Blaffer books and Jewish-Christian relationships in early modern Venice / Lisa Pon -- Checklist of Old Master paintings in the Blaffer Collection.</subfield>
  </datafield>
  <datafield tag="610" ind1="2" ind2="0">
    <subfield code="a">Sarah Campbell Blaffer Foundation</subfield>
    <subfield code="x">Art collections</subfield>
    <subfield code="v">Catalogs.</subfield>
  </datafield>
  <datafield tag="650" ind1=" " ind2="0">
    <subfield code="a">Painting, European</subfield>
    <subfield code="v">Catalogs.</subfield>
  </datafield>
  <datafield tag="650" ind1=" " ind2="0">
    <subfield code="a">Painting</subfield>
    <subfield code="x">Private collections</subfield>
    <subfield code="z">Texas</subfield>
    <subfield code="z">Houston</subfield>
    <subfield code="v">Catalogs.</subfield>
  </datafield>
  <datafield tag="650" ind1=" " ind2="1">
    <subfield code="a">Painting</subfield>
    <subfield code="x">Private collections</subfield>
    <subfield code="z">Texas</subfield>
    <subfield code="z">Houston</subfield>
    <subfield code="v">Catalogs.</subfield>
  </datafield>
  <datafield tag="610" ind1="2" ind2="4">
    <subfield code="a">Sarah Campbell Blaffer Foundation.</subfield>
  </datafield>
  <datafield tag="610" ind1="2" ind2="7">
    <subfield code="a">Sarah Campbell Blaffer Foundation.</subfield>
    <subfield code="2">fast</subfield>
    <subfield code="0">(OCoLC)fst00556645</subfield>
  </datafield>
  <datafield tag="650" ind1=" " ind2="7">
    <subfield code="a">Art museums.</subfield>
    <subfield code="2">fast</subfield>
    <subfield code="0">(OCoLC)fst00815631</subfield>
  </datafield>
  <datafield tag="650" ind1=" " ind2="7">
    <subfield code="a">Painting</subfield>
    <subfield code="x">Private collections.</subfield>
    <subfield code="2">fast</subfield>
    <subfield code="0">(OCoLC)fst01050606</subfield>
  </datafield>
  <datafield tag="650" ind1=" " ind2="7">
    <subfield code="a">Painting, European.</subfield>
    <subfield code="2">fast</subfield>
    <subfield code="0">(OCoLC)fst01050808</subfield>
  </datafield>
  <datafield tag="651" ind1=" " ind2="7">
    <subfield code="a">Texas</subfield>
    <subfield code="z">Houston.</subfield>
    <subfield code="2">fast</subfield>
    <subfield code="0">(OCoLC)fst01205077</subfield>
  </datafield>
  <datafield tag="655" ind1=" " ind2="7">
    <subfield code="a">Catalogs.</subfield>
    <subfield code="2">fast</subfield>
    <subfield code="0">(OCoLC)fst01423692</subfield>
  </datafield>
  <datafield tag="655" ind1=" " ind2="7">
    <subfield code="a">Catalogs.</subfield>
    <subfield code="2">lcgft</subfield>
  </datafield>
  <datafield tag="700" ind1="1" ind2=" ">
    <subfield code="a">Clifton, James,</subfield>
    <subfield code="d">1958-</subfield>
    <subfield code="e">editor.</subfield>
  </datafield>
  <datafield tag="700" ind1="1" ind2=" ">
    <subfield code="a">Kervandjian, Melina,</subfield>
    <subfield code="e">editor.</subfield>
  </datafield>
  <datafield tag="700" ind1="1" ind2="2">
    <subfield code="a">Baert, Barbara.</subfield>
    <subfield code="t">Blaffer Foundation&apos;s Saint John&apos;s head.</subfield>
  </datafield>
  <datafield tag="700" ind1="1" ind2="2">
    <subfield code="a">Bayer, Andrea.</subfield>
    <subfield code="t">Giuliano Bugiardini.</subfield>
  </datafield>
  <datafield tag="700" ind1="1" ind2="2">
    <subfield code="a">Dunlop, Anne.</subfield>
    <subfield code="t">Young men with arrows and the Blaffer Saint Sebastian.</subfield>
  </datafield>
  <datafield tag="700" ind1="1" ind2="2">
    <subfield code="a">Ostrow, Steven F.</subfield>
    <subfield code="t">Pietro Longhi&apos;s Elephant.</subfield>
  </datafield>
  <datafield tag="700" ind1="1" ind2="2">
    <subfield code="a">Pon, Lisa.</subfield>
    <subfield code="t">Printing communities.</subfield>
  </datafield>
  <datafield tag="700" ind1="1" ind2="2">
    <subfield code="a">Postle, Martin.</subfield>
    <subfield code="t">Meditations on The white monk.</subfield>
  </datafield>
  <datafield tag="700" ind1="1" ind2="2">
    <subfield code="a">Wheelock, Arthur K.,</subfield>
    <subfield code="c">Jr.</subfield>
    <subfield code="t">Balthasar van der Ast and the artifice of still life.</subfield>
  </datafield>
  <datafield tag="700" ind1="1" ind2=" ">
    <subfield code="a">Corstens, Josine.</subfield>
  </datafield>
</record>