
<record>
  <leader>02622cam a22003497i 4500</leader>
  <controlfield tag="001">19116075</controlfield>
  <controlfield tag="005">20200103150649.0</controlfield>
  <controlfield tag="008">160601t20162016fluab    b    001 0 eng c</controlfield>
  <datafield tag="906" ind1=" " ind2=" ">
    <subfield code="a">7</subfield>
    <subfield code="b">cbc</subfield>
    <subfield code="c">pccadap</subfield>
    <subfield code="d">2</subfield>
    <subfield code="e">ncip</subfield>
    <subfield code="f">20</subfield>
    <subfield code="g">y-gencatlg</subfield>
  </datafield>
  <datafield tag="925" ind1="0" ind2=" ">
    <subfield code="a">acquire</subfield>
    <subfield code="b">1 shelf copy</subfield>
    <subfield code="x">policy default</subfield>
  </datafield>
  <datafield tag="955" ind1=" " ind2=" ">
    <subfield code="b">rk07 2016-06-01 z-processor</subfield>
    <subfield code="i">rk07 2016-06-02 to CALM</subfield>
  </datafield>
  <datafield tag="010" ind1=" " ind2=" ">
    <subfield code="a">  2016301986</subfield>
  </datafield>
  <datafield tag="020" ind1=" " ind2=" ">
    <subfield code="a">9781482226317</subfield>
    <subfield code="q">(hardback)</subfield>
  </datafield>
  <datafield tag="020" ind1=" " ind2=" ">
    <subfield code="a">1482226316</subfield>
    <subfield code="q">(hardback)</subfield>
  </datafield>
  <datafield tag="035" ind1=" " ind2=" ">
    <subfield code="a">(OCoLC)ocn895728832</subfield>
  </datafield>
  <datafield tag="040" ind1=" " ind2=" ">
    <subfield code="a">BTCTA</subfield>
    <subfield code="b">eng</subfield>
    <subfield code="c">BTCTA</subfield>
    <subfield code="e">rda</subfield>
    <subfield code="d">YDXCP</subfield>
    <subfield code="d">BDX</subfield>
    <subfield code="d">OCLCQ</subfield>
    <subfield code="d">NRC</subfield>
    <subfield code="d">ZCU</subfield>
    <subfield code="d">OCLCF</subfield>
    <subfield code="d">CUY</subfield>
    <subfield code="d">SOI</subfield>
    <subfield code="d">OSU</subfield>
    <subfield code="d">OCLCA</subfield>
    <subfield code="d">DLC</subfield>
  </datafield>
  <datafield tag="050" ind1="0" ind2="0">
    <subfield code="a">NA2800</subfield>
    <subfield code="b">.S68 2016</subfield>
  </datafield>
  <datafield tag="245" ind1="0" ind2="0">
    <subfield code="a">Soundscape and the built environment /</subfield>
    <subfield code="c">edited by Jian Kang, Brigitte Schulte-Fortkamp.</subfield>
  </datafield>
  <datafield tag="264" ind1=" " ind2="1">
    <subfield code="a">Boca Raton, FL ;</subfield>
    <subfield code="a">London ;</subfield>
    <subfield code="a">New York :</subfield>
    <subfield code="b">CRC Press :</subfield>
    <subfield code="b">imprint of the Taylor &amp; Francis Group,</subfield>
    <subfield code="c">[2016]</subfield>
  </datafield>
  <datafield tag="264" ind1=" " ind2="4">
    <subfield code="c">©2016</subfield>
  </datafield>
  <datafield tag="300" ind1=" " ind2=" ">
    <subfield code="a">xiv, 310 pages :</subfield>
    <subfield code="b">illustrations, maps ;</subfield>
    <subfield code="c">24 cm</subfield>
  </datafield>
  <datafield tag="336" ind1=" " ind2=" ">
    <subfield code="a">text</subfield>
    <subfield code="b">txt</subfield>
    <subfield code="2">rdacontent</subfield>
  </datafield>
  <datafield tag="337" ind1=" " ind2=" ">
    <subfield code="a">unmediated</subfield>
    <subfield code="b">n</subfield>
    <subfield code="2">rdamedia</subfield>
  </datafield>
  <datafield tag="338" ind1=" " ind2=" ">
    <subfield code="a">volume</subfield>
    <subfield code="b">nc</subfield>
    <subfield code="2">rdacarrier</subfield>
  </datafield>
  <datafield tag="500" ind1=" " ind2=" ">
    <subfield code="a">&quot;A Spon Press Book.&quot;</subfield>
  </datafield>
  <datafield tag="504" ind1=" " ind2=" ">
    <subfield code="a">Includes bibliographical references and index.</subfield>
  </datafield>
  <datafield tag="505" ind1="0" ind2=" ">
    <subfield code="a">Acoustic environments and soundscapes / A. Lex Brown, Truls Gjestland, and Danièle Dubois -- From sonic environment to soundscape / Dick Botteldooren, Tjeerd Andringa, Itziar Aspuru, A. Lex Brown, Danièle Dubois, Catherine Guastavino, Jian Kang, Catherine Lavender, Mats Nilsson, Anna Preis, and Brigitte Schulte-Fortkamp -- Soundscapes, human restoration, and quality of life / Irene Van Kamp, Ronny Klæboe, A. Lex Brown, and Peter Lercher -- Impact of soundscape in terms of perception / Brigitte Schulte-Fortkamp and André Fiebig -- Perceived soundscapes and health-related quality of life, context, restoration, and personal characteristics: case studies / Peter Lercher, Irene Van Kamp, Eike Von Lindern, and Dick Botteldooren -- Human hearing-related measurement and analysis of acoustic environments: requisite for soundscape investigations / Klaus Genuit and André Fiebig -- Mapping of soundscape / Jian Kang, Brigitte Schulte-Fortkamp, André Fiebig, and Dick Botteldooren -- Approaches to urban soundscape management, planning, and design / J. Luis Bento Coelho -- Soundscape as part of the cultural heritage / Luigi Maffei, Giovanni Brambilla, and Maria Di Gabriele -- Applied soundscape practices / Lisa Lavia, Max Dixon, Harry J. Witchel, and Mike Goldsmith.</subfield>
  </datafield>
  <datafield tag="650" ind1=" " ind2="0">
    <subfield code="a">Architectural acoustics.</subfield>
  </datafield>
  <datafield tag="650" ind1=" " ind2="0">
    <subfield code="a">Acoustical engineering.</subfield>
  </datafield>
  <datafield tag="650" ind1=" " ind2="0">
    <subfield code="a">Psychoacoustics.</subfield>
  </datafield>
  <datafield tag="700" ind1="1" ind2=" ">
    <subfield code="a">Kang, J.</subfield>
    <subfield code="q">(Jian),</subfield>
    <subfield code="e">editor.</subfield>
  </datafield>
  <datafield tag="700" ind1="1" ind2=" ">
    <subfield code="a">Schulte-Fortkamp, Brigitte,</subfield>
    <subfield code="e">editor.</subfield>
  </datafield>
</record>