
<record>
  <leader>01641cam a22002897i 4500</leader>
  <controlfield tag="001">19116400</controlfield>
  <controlfield tag="005">20200103121123.0</controlfield>
  <controlfield tag="008">160602s2015    dm            000 0 fre  </controlfield>
  <datafield tag="906" ind1=" " ind2=" ">
    <subfield code="a">0</subfield>
    <subfield code="b">ibc</subfield>
    <subfield code="c">orignew</subfield>
    <subfield code="d">4</subfield>
    <subfield code="e">ncip</subfield>
    <subfield code="f">20</subfield>
    <subfield code="g">y-gencatlg</subfield>
  </datafield>
  <datafield tag="925" ind1="0" ind2=" ">
    <subfield code="a">acquire</subfield>
    <subfield code="b">1 shelf copy</subfield>
    <subfield code="x">policy default</subfield>
  </datafield>
  <datafield tag="955" ind1=" " ind2=" ">
    <subfield code="b">bc14 2016-06-02 to ALAWE/A,</subfield>
    <subfield code="a">bc14 2016-06-06 (telework) (item and holding record added),</subfield>
    <subfield code="a">bc14 2016-07-16 (Matched barcodes with book and ibcr record), (OT), Sent to Security Station for Targeting</subfield>
    <subfield code="h">bc21 2018-01-12 to shelf</subfield>
  </datafield>
  <datafield tag="010" ind1=" " ind2=" ">
    <subfield code="a">  2015518706</subfield>
  </datafield>
  <datafield tag="020" ind1=" " ind2=" ">
    <subfield code="a">9789991910796</subfield>
  </datafield>
  <datafield tag="040" ind1=" " ind2=" ">
    <subfield code="a">DLC</subfield>
    <subfield code="b">eng</subfield>
    <subfield code="e">rda</subfield>
    <subfield code="c">DLC</subfield>
  </datafield>
  <datafield tag="043" ind1=" " ind2=" ">
    <subfield code="a">f-dm---</subfield>
  </datafield>
  <datafield tag="050" ind1="0" ind2="0">
    <subfield code="a">MLCM 2018/40240 (P)</subfield>
  </datafield>
  <datafield tag="100" ind1="1" ind2=" ">
    <subfield code="a">Gbegnanvo, Nicolas,</subfield>
    <subfield code="e">author.</subfield>
  </datafield>
  <datafield tag="245" ind1="1" ind2="0">
    <subfield code="a">L&apos;anglais économique dans les universités /</subfield>
    <subfield code="c">Réalisé par Mr. Nicolas Gbegnanvo, Professeur d&apos;Anglais de Spécialité dans les Universités , République du Bénin, Ministère de l&apos;enseignement supérieur et de la recherche scientifique.</subfield>
  </datafield>
  <datafield tag="250" ind1=" " ind2=" ">
    <subfield code="a">2éme édition revue et augmentée.</subfield>
  </datafield>
  <datafield tag="264" ind1=" " ind2="1">
    <subfield code="a">Benin :</subfield>
    <subfield code="b">[Ministère de l&apos;enseignement supérieur et de la rechercehe scientifique],</subfield>
    <subfield code="c">2015]</subfield>
  </datafield>
  <datafield tag="300" ind1=" " ind2=" ">
    <subfield code="a">283 pages ;</subfield>
    <subfield code="c">29 cm.</subfield>
  </datafield>
  <datafield tag="336" ind1=" " ind2=" ">
    <subfield code="a">text</subfield>
    <subfield code="b">txt</subfield>
    <subfield code="2">rdacontent</subfield>
  </datafield>
  <datafield tag="337" ind1=" " ind2=" ">
    <subfield code="a">unmediated</subfield>
    <subfield code="b">n</subfield>
    <subfield code="2">rdamedia</subfield>
  </datafield>
  <datafield tag="338" ind1=" " ind2=" ">
    <subfield code="a">volume</subfield>
    <subfield code="b">nc</subfield>
    <subfield code="2">rdacarrier</subfield>
  </datafield>
  <datafield tag="505" ind1="2" ind2=" ">
    <subfield code="a">Première partie. L&apos;anglais économique -- Deuxième partie. Complément grammatical -- Troisième partie. Exercices de révision -- Quatrième partie. Épreuves de BTS -- Cinquième partie. Corrigés.</subfield>
  </datafield>
  <datafield tag="710" ind1="1" ind2=" ">
    <subfield code="a">Benin.</subfield>
    <subfield code="b">Ministère de l&apos;enseignement supérieur et de la recherche scientifique.</subfield>
  </datafield>
  <datafield tag="923" ind1=" " ind2=" ">
    <subfield code="a">Purchase</subfield>
    <subfield code="d">*</subfield>
    <subfield code="n">*</subfield>
    <subfield code="s">CAORC West Africa</subfield>
  </datafield>
</record>