
<record>
  <leader>02841cam a22004337i 4500</leader>
  <controlfield tag="001">19120287</controlfield>
  <controlfield tag="005">20200103121125.0</controlfield>
  <controlfield tag="008">150731s2015    pe       b    000 0 spa c</controlfield>
  <datafield tag="906" ind1=" " ind2=" ">
    <subfield code="a">7</subfield>
    <subfield code="b">cbc</subfield>
    <subfield code="c">pccadap</subfield>
    <subfield code="d">3</subfield>
    <subfield code="e">ncip</subfield>
    <subfield code="f">20</subfield>
    <subfield code="g">y-gencatlg</subfield>
  </datafield>
  <datafield tag="925" ind1="0" ind2=" ">
    <subfield code="a">acquire</subfield>
    <subfield code="b">1 shelf copy</subfield>
    <subfield code="x">policy default</subfield>
  </datafield>
  <datafield tag="955" ind1=" " ind2=" ">
    <subfield code="b">bf27 2016-06-15 to ALAWE/SA (OT)</subfield>
    <subfield code="b">bc12 2017-08-02 z-processor (telework)</subfield>
    <subfield code="i">bc12 2017-08-07 (telework)</subfield>
    <subfield code="e">bc12 2017-08-08 to BCCD (ABAchecked &amp; Labeled)</subfield>
  </datafield>
  <datafield tag="010" ind1=" " ind2=" ">
    <subfield code="a">  2016414123</subfield>
  </datafield>
  <datafield tag="020" ind1=" " ind2=" ">
    <subfield code="a">9786124102165</subfield>
  </datafield>
  <datafield tag="020" ind1=" " ind2=" ">
    <subfield code="a">6124102161</subfield>
  </datafield>
  <datafield tag="035" ind1=" " ind2=" ">
    <subfield code="a">(OCoLC)ocn953800690</subfield>
  </datafield>
  <datafield tag="040" ind1=" " ind2=" ">
    <subfield code="a">UBY</subfield>
    <subfield code="b">eng</subfield>
    <subfield code="c">UBY</subfield>
    <subfield code="e">rda</subfield>
    <subfield code="d">OCLCF</subfield>
    <subfield code="d">PIT</subfield>
    <subfield code="d">DLC</subfield>
  </datafield>
  <datafield tag="050" ind1="0" ind2="0">
    <subfield code="a">BV4637</subfield>
    <subfield code="b">.C738 2015</subfield>
  </datafield>
  <datafield tag="245" ind1="0" ind2="0">
    <subfield code="a">Creer o no creer :</subfield>
    <subfield code="b">la fe en tiempos de transición /</subfield>
    <subfield code="c">Juan Dejo Bendezú, S.J., Rafael Fernández Hart, S.J., Jeffrey Klaiber, S.J., José Piedra Valdez, S.J., Jaime Regan, S.J., Fernando Roca Alcázar, S.J., Eduardo Schmidt, S.J., Edwin Vásquez Ghersi, S.J.</subfield>
  </datafield>
  <datafield tag="250" ind1=" " ind2=" ">
    <subfield code="a">Primera edición</subfield>
  </datafield>
  <datafield tag="264" ind1=" " ind2="1">
    <subfield code="a">Lima, Perú :</subfield>
    <subfield code="b">Universidad Antonio Ruiz de Montoya,</subfield>
    <subfield code="c">2015.</subfield>
  </datafield>
  <datafield tag="300" ind1=" " ind2=" ">
    <subfield code="a">172 pages ;</subfield>
    <subfield code="c">25 cm.</subfield>
  </datafield>
  <datafield tag="336" ind1=" " ind2=" ">
    <subfield code="a">text</subfield>
    <subfield code="2">rdacontent</subfield>
  </datafield>
  <datafield tag="337" ind1=" " ind2=" ">
    <subfield code="a">unmediated</subfield>
    <subfield code="2">rdamedia</subfield>
  </datafield>
  <datafield tag="338" ind1=" " ind2=" ">
    <subfield code="a">volume</subfield>
    <subfield code="2">rdacarrier</subfield>
  </datafield>
  <datafield tag="504" ind1=" " ind2=" ">
    <subfield code="a">Includes bibliographical references.</subfield>
  </datafield>
  <datafield tag="505" ind1="0" ind2=" ">
    <subfield code="a">Primera sección: historia y espiritualidad. Creer o no creer: he allí el dilema: notas sobre la fe contemporánea / Rafael Fernández Hart, S.J. -- La cristiandad latinoamericana y el mundo moderno / Jeffrey Klaiber, S.J. -- Huellas de Dios para la transmisión de la fe en la cultura secular / José Piedra Valdez, S.J. -- El impulso trascendente como naturaleza primera: pensar la ética como ejercicio espiritual en tiempos de secularización / Juan Dejo Bendezú, S.J. -- Segunda sección: cuestiones antropológicas. Conocimiento tradicional, evangelización y educación escolarizada / Fernando Roca Alcázar, S.J. -- De &quot;ateístas&quot; a cristianos: las reducciones jesuitas de Mainas de los siglox XVII y XVIII / Jaime Regan, S.J. -- Tercera sección: curestiones éticas. Formación ética en las ciencias económicas y administrativas en tiempos de secularización: un enfoque latinoamericano / Educardo Schmidt, S.J. -- Transhumanismo: desafíos a la fe y la ética en la era de las biotecnologías / Edwin Vásquez Ghersi, S.J.</subfield>
  </datafield>
  <datafield tag="650" ind1=" " ind2="0">
    <subfield code="a">Faith.</subfield>
  </datafield>
  <datafield tag="650" ind1=" " ind2="0">
    <subfield code="a">Secularization (Theology)</subfield>
  </datafield>
  <datafield tag="650" ind1=" " ind2="0">
    <subfield code="a">Religion and ethics.</subfield>
  </datafield>
  <datafield tag="700" ind1="1" ind2=" ">
    <subfield code="a">Dejo Bendezú, Juan,</subfield>
    <subfield code="e">author.</subfield>
  </datafield>
  <datafield tag="700" ind1="1" ind2=" ">
    <subfield code="a">Fernández Hart, Rafael,</subfield>
    <subfield code="e">author.</subfield>
  </datafield>
  <datafield tag="700" ind1="1" ind2=" ">
    <subfield code="a">Klaiber, Jeffrey L.,</subfield>
    <subfield code="e">author.</subfield>
  </datafield>
  <datafield tag="700" ind1="1" ind2=" ">
    <subfield code="a">Piedra Valdez, José,</subfield>
    <subfield code="c">S. J.,</subfield>
    <subfield code="e">author.</subfield>
  </datafield>
  <datafield tag="700" ind1="1" ind2=" ">
    <subfield code="a">Regan, Jaime,</subfield>
    <subfield code="d">1941-</subfield>
    <subfield code="e">author.</subfield>
  </datafield>
  <datafield tag="700" ind1="1" ind2=" ">
    <subfield code="a">Roca Alcázar, Fernando,</subfield>
    <subfield code="e">author.</subfield>
  </datafield>
  <datafield tag="700" ind1="1" ind2=" ">
    <subfield code="a">Schmidt, Eduardo,</subfield>
    <subfield code="e">author.</subfield>
  </datafield>
  <datafield tag="700" ind1="1" ind2=" ">
    <subfield code="a">Vásquez Ghersi, Edwin,</subfield>
    <subfield code="e">author.</subfield>
  </datafield>
  <datafield tag="923" ind1=" " ind2=" ">
    <subfield code="d">20160504</subfield>
    <subfield code="n">7076</subfield>
    <subfield code="s">PE-LiEIC</subfield>
  </datafield>
  <datafield tag="985" ind1=" " ind2=" ">
    <subfield code="e">VENDOR LOAD</subfield>
  </datafield>
</record>