
<record>
  <leader>03389cam a22003137i 4500</leader>
  <controlfield tag="001">19120578</controlfield>
  <controlfield tag="005">20200103121127.0</controlfield>
  <controlfield tag="008">160512e201511  po            000 0 por  </controlfield>
  <datafield tag="906" ind1=" " ind2=" ">
    <subfield code="a">7</subfield>
    <subfield code="b">cbc</subfield>
    <subfield code="c">origres</subfield>
    <subfield code="d">4</subfield>
    <subfield code="e">ncip</subfield>
    <subfield code="f">20</subfield>
    <subfield code="g">y-gencatlg</subfield>
  </datafield>
  <datafield tag="925" ind1="0" ind2=" ">
    <subfield code="a">acquire</subfield>
    <subfield code="b">1 shelf copy</subfield>
    <subfield code="x">policy default</subfield>
  </datafield>
  <datafield tag="955" ind1=" " ind2=" ">
    <subfield code="b">be13 2016-09-15</subfield>
    <subfield code="h">be07 2016-11-04 to Shelf (telework)</subfield>
  </datafield>
  <datafield tag="010" ind1=" " ind2=" ">
    <subfield code="a">  2016463919</subfield>
  </datafield>
  <datafield tag="020" ind1=" " ind2=" ">
    <subfield code="a">9789723613964</subfield>
  </datafield>
  <datafield tag="020" ind1=" " ind2=" ">
    <subfield code="a">9723613964</subfield>
  </datafield>
  <datafield tag="035" ind1=" " ind2=" ">
    <subfield code="a">(PT-LiPL)pu160608911</subfield>
  </datafield>
  <datafield tag="040" ind1=" " ind2=" ">
    <subfield code="a">DLC</subfield>
    <subfield code="b">eng</subfield>
    <subfield code="c">DLC</subfield>
    <subfield code="e">rda</subfield>
  </datafield>
  <datafield tag="050" ind1="0" ind2="0">
    <subfield code="a">MLCM 2016/43064 (P)</subfield>
  </datafield>
  <datafield tag="100" ind1="1" ind2=" ">
    <subfield code="a">Mitelo, Maria Albertina.</subfield>
  </datafield>
  <datafield tag="245" ind1="1" ind2="2">
    <subfield code="a">O tempo das aves /</subfield>
    <subfield code="c">Maria Albertina Mitelo.</subfield>
  </datafield>
  <datafield tag="264" ind1=" " ind2="1">
    <subfield code="a">Porto :</subfield>
    <subfield code="b">Edições Afrontamento,</subfield>
    <subfield code="c">Novembro de 2015.</subfield>
  </datafield>
  <datafield tag="300" ind1=" " ind2=" ">
    <subfield code="a">74 pages ;</subfield>
    <subfield code="c">24 cm.</subfield>
  </datafield>
  <datafield tag="336" ind1=" " ind2=" ">
    <subfield code="a">text</subfield>
    <subfield code="2">rdacontent</subfield>
  </datafield>
  <datafield tag="337" ind1=" " ind2=" ">
    <subfield code="a">unmediated</subfield>
    <subfield code="2">rdamedia</subfield>
  </datafield>
  <datafield tag="338" ind1=" " ind2=" ">
    <subfield code="a">volume</subfield>
    <subfield code="2">rdacarrier</subfield>
  </datafield>
  <datafield tag="490" ind1="0" ind2=" ">
    <subfield code="a">Poesia ;</subfield>
    <subfield code="v">79</subfield>
  </datafield>
  <datafield tag="500" ind1=" " ind2=" ">
    <subfield code="a">Poems.</subfield>
  </datafield>
  <datafield tag="505" ind1="0" ind2=" ">
    <subfield code="a">Sob luz o céu à volta surge como arco -- Ouvir-se-á po inteiro a voz requerida -- Que a voz proferida baste para fazer -- Que cessem o temor íntimo e as súplicas -- Nenhum desígnio pendente restará -- É tudo o que designamos das estremas -- Por ventos e vagas que o peito acometem -- Que voz sobre que erguemos colunas -- Nenhum desvio se omitirá na demora -- Atravessaremos as ânsias e o clamor -- Mais juntos ao que podia ser recebido -- Pelos pâssaros nus erguidos avistando -- Porque a um tempo clamam os ventos -- Quem calará as frestas ocultas o fogo -- Procedendo a água que escorre do peito -- Diante da terra clareada e dos leitos -- No mais fundo da respiração ressoam -- Aos limites e fundura de olhar conflui -- Dos altos cumes vêm vindo os pássaros -- Quem de uma ânsia de intermináveis -- Qualquer rumor dum levantar de asas -- Dai-nos o vaso todo de água contido -- Pelos dias e pelas noites descendo -- Em que terra ilesa hemos de procurar -- Pelos passos reunidos à fragilidade -- Que veias e torrentes se desentranham -- Esta é a matéria sobre que buscamos -- Inclinados de esperar as vestes e a túnica -- Este é o sopro que abrirá as entranhas -- Das frontes encimadas como mastros -- Por que nomes clamaremos às aves -- Por mãos de dedos azuis pendendo -- Quaisquer rumores de aves indiciando -- Dos anjos que intrépidos se perfilam -- Tomem-se os gládios ao tempo perfeito -- Com sangue de azul-púrpura e tez clara -- Mais leves que o manto que requebra -- Nenhum peso ou guaridas demovem -- De toda a vez que de olharmos dentro -- Nos mais altos ramos poisam as aves -- Deixai que tocados de umas mãos -- Diante dos lábios que concebem a água -- Que ímpeto nenhum demore a chegada -- De que ponto manifestado rompe o halo -- Sob o peso de luz e da ardência fina -- Passado o peso dos corpos recobertos -- É duma manhã assim que falamos -- Quem cobriu de flores e vergônteas -- Sobre o lastro que diz da matéria ilesa -- Que pássaros ou que anjos levantam -- Entre as mãos e a nudez ascendida -- Em se cumprindo a depuração possível -- Essas manhãs jubilosas serão recebidas -- Todos os que afrontando a estranheza -- Tudo o que vemos além dos limites -- Tomados de assombro e rasgo descendo -- Estremecendo o silêncio alto dos cimos -- Entre a inclinação maior e desprender -- Viremos na manhã limpa de vultos.</subfield>
  </datafield>
  <datafield tag="923" ind1=" " ind2=" ">
    <subfield code="d">20160527</subfield>
    <subfield code="n">199776</subfield>
    <subfield code="s">PT-LiPL</subfield>
  </datafield>
  <datafield tag="985" ind1=" " ind2=" ">
    <subfield code="e">VENDOR LOAD</subfield>
  </datafield>
</record>