
<record>
  <leader>00877cam a22002777i 4500</leader>
  <controlfield tag="001">19120688</controlfield>
  <controlfield tag="005">20200103150656.0</controlfield>
  <controlfield tag="008">160518s2016    sp a          000 0 spa  </controlfield>
  <datafield tag="906" ind1=" " ind2=" ">
    <subfield code="a">7</subfield>
    <subfield code="b">cbc</subfield>
    <subfield code="c">origres</subfield>
    <subfield code="d">4</subfield>
    <subfield code="e">ncip</subfield>
    <subfield code="f">20</subfield>
    <subfield code="g">y-gencatlg</subfield>
  </datafield>
  <datafield tag="925" ind1="0" ind2=" ">
    <subfield code="a">acquire</subfield>
    <subfield code="b">1 shelf copy</subfield>
    <subfield code="x">policy default</subfield>
  </datafield>
  <datafield tag="955" ind1=" " ind2=" ">
    <subfield code="b">be07 2016-08-08</subfield>
    <subfield code="h">be07 2016-09-09 to Shelf (telework)</subfield>
  </datafield>
  <datafield tag="010" ind1=" " ind2=" ">
    <subfield code="a">  2016444545</subfield>
  </datafield>
  <datafield tag="020" ind1=" " ind2=" ">
    <subfield code="a">9788415747840</subfield>
  </datafield>
  <datafield tag="035" ind1=" " ind2=" ">
    <subfield code="a">(SP-BaPL)pu160609378</subfield>
  </datafield>
  <datafield tag="040" ind1=" " ind2=" ">
    <subfield code="a">DLC</subfield>
    <subfield code="b">eng</subfield>
    <subfield code="c">DLC</subfield>
    <subfield code="e">rda</subfield>
  </datafield>
  <datafield tag="050" ind1="0" ind2="0">
    <subfield code="a">MLCS 2016/43526 (P)</subfield>
  </datafield>
  <datafield tag="100" ind1="1" ind2=" ">
    <subfield code="a">Gallardo, Astrid.</subfield>
  </datafield>
  <datafield tag="245" ind1="1" ind2="4">
    <subfield code="a">Las 2 vidas de Lucía /</subfield>
    <subfield code="c">Astrid Gallardo.</subfield>
  </datafield>
  <datafield tag="264" ind1=" " ind2="1">
    <subfield code="a">Madrid :</subfield>
    <subfield code="b">Tombooktu,</subfield>
    <subfield code="c">[2016]</subfield>
  </datafield>
  <datafield tag="300" ind1=" " ind2=" ">
    <subfield code="a">203 pages :</subfield>
    <subfield code="b">illustrations ;</subfield>
    <subfield code="c">21 cm.</subfield>
  </datafield>
  <datafield tag="336" ind1=" " ind2=" ">
    <subfield code="a">text</subfield>
    <subfield code="2">rdacontent</subfield>
  </datafield>
  <datafield tag="337" ind1=" " ind2=" ">
    <subfield code="a">unmediated</subfield>
    <subfield code="2">rdamedia</subfield>
  </datafield>
  <datafield tag="338" ind1=" " ind2=" ">
    <subfield code="a">volume</subfield>
    <subfield code="2">rdacarrier</subfield>
  </datafield>
  <datafield tag="490" ind1="0" ind2=" ">
    <subfield code="a">Tombooktu Chicklit</subfield>
  </datafield>
  <datafield tag="923" ind1=" " ind2=" ">
    <subfield code="d">20160527</subfield>
    <subfield code="n">199758</subfield>
    <subfield code="s">SP-BaPL</subfield>
  </datafield>
  <datafield tag="985" ind1=" " ind2=" ">
    <subfield code="e">VENDOR LOAD</subfield>
  </datafield>
</record>